@string{uaii = "Uncertainty in Artificial Intelligence (UAI)"}
@string{esa = "Proc. Europ. Symp. on Algorithms (ESA)"}
@string{icml = "Int. Conference on Machine Learning (ICML)"}
@string{soda = "SIAM-ACM Symposium on Discrete Algorithms (SODA)"}
@string{focs = "IEEE Symposium on Foundations of Computer Science (FOCS)"}
@string{colt = "Conference on Learning Theory (COLT)"}
@string{stoc = "Symposium on Theory of Computing (STOC)"}
@string{nips = "Advances in Neural Information Processing Systems (NIPS)"}
@string{eccv = "Europ. Conference on Computer Vision (ECCV)"}
@string{iccv = "Int. Conference on Computer Vision (ICCV)"}
@string{cvpr = "IEEE Conference on Computer Vision and Pattern Recognition (CVPR)"}
@string{ijcv = "Int. Journal of Computer Vision"}
@string{icalp = "Int. Colloquium on Automata, Languages and Programming (ICALP)"}
@string{tpami = "IEEE Trans. on Pattern Analysis and Machine Intelligence"}
@string{mathprog = "Mathematical Programming"}
@string{infpl = "Information Processing Letters"}
@string{jair = "Journal or Artificial Intelligence Research"}
@string{kdd = "ACM SIGKDD Conference on Knowledge Discovery and Data Mining (KDD)"}
@string{tkdd = "ACM Transactions on Knowledge Discovery from Data"}


@inproceedings{Xinghao13,
title = {Optimistic Concurrency Control for Distributed Unsupervised Learning},
author = {X. Pan and J.E. Gonzalez and S. Jegelka and T. Broderick and M.I. Jordan},
booktitle = {{NIPS} '13},
year = {2013}
}

@book{Ozsu07,
 author = {Ozsu, M. Tamer},
 title = {Principles of Distributed Database Systems},
 year = {2007},
 isbn = {9780130412126},
 edition = {3rd},
 publisher = {Prentice Hall Press},
 address = {Upper Saddle River, NJ, USA},
}

@InProceedings{lin11,
  author = 	 {H. Lin and J. Bilmes},
  title = 	 {A Class of Submodular Functions for Document Summarization},
  booktitle = {The 49th Annual Meeting of the Association for Computational Linguistics: Human Language Technologies},
  year = 	 2011}

@InProceedings{broderick13,
  author = 	 {Tamara Broderick and Brian Kulis and Michael I. Jordan},
  title = 	 {{MAD}-Bayes: {MAP}-based asymptotic derivations from {B}ayes},
  booktitle = {Proc. of the 30th International Conference on Machine Learning (ICML)},
OPTaddress = {Atlanta},
  year = 	 2013}


@inproceedings{kulis2011,
  author    = {Brian Kulis and
               Michael I. Jordan},
  title     = {Revisiting k-means: New Algorithms via {B}ayesian Nonparametrics},
  booktitle = {Proc. of 29th International Conference on Machine Learning (ICML)},
  address =   {Edinburgh},
  year      = {2012},
}

@inproceedings{jiang2012,
  title     = {Small-Variance Asymptotics for Exponential Family {D}irichlet Process Mixture Models},
  author    = {Ke Jiang and Brian Kulis and Michael I. Jordan},
  booktitle={Advances in Neural Information Processing Systems (NIPS) 25},
  address = {Lake Tahoe},
  year={2012}
}

@incollection{teh2010,
  author    = {Yee Whye Teh},
  title     = {{D}irichlet Process},
  booktitle = {Encyclopedia of Machine Learning},
  publisher = {Springer},
  year      = {2010},
  pages     = {280-287},
  ee        = {http://dx.doi.org/10.1007/978-0-387-30164-8_219},
  bibsource = {DBLP, http://dblp.uni-trier.de}
}

@inproceedings{paisley2012:stick,
  title={Stick-breaking {B}eta processes and the {P}oisson process},
  author={Paisley, John and Blei, David and Jordan, Michael I},
  year={2012},
  booktitle={Proc. of the 15th International Conference on Artificial Intelligence and Statistics (AISTATS)},
  OPTaddress = {La Palma}
}

@inproceedings{lovell2012,
     author = {Dan Lovell, Ryan P. Adams and Vikash K. Mansinghka.},
      title = {Parallel {M}arkov Chain {M}onte {C}arlo for {D}irichlet Process Mixtures},
  booktitle = {Big Learn workshop, at NIPS},
address = {Lake Tahoe},
       year = {2012}
}






@article{kung1981:occ,
  title={On optimistic methods for concurrency control},
  author={Kung, H. and Robinson, J.T.},
  journal={ACM Transactions on Database Systems (TODS)},
  volume={6},
  number={2},
  pages={213--226},
  year={1981},
  publisher={ACM}
}



@InProceedings{Low12,
  author = 	 {Low, Yucheng and Gonzalez, Joseph and Kyrola, Aapo and Bickson, Danny and Guestrin, Carlos and Hellerstein, J.~M.},
  title = 	 {Distributed {G}raph{L}ab: A Framework for Machine Learning and Data Mining in the Cloud},
  booktitle = {Proc. of the 38th International Conference on Very Large Data Bases (VLDB},
  year = 	 2012,
  address = 	 {Istanbul}}

@inproceedings{Gonzalez11,
	Author = {Gonzalez, J. and Low, Y. and Gretton, A. and Guestrin, C.},
	Booktitle = {Proc. of the 14th International Conference on Artificial Intelligence and Statistics (AISTATS)},
        OPTaddress = {Ft. Lauderdale},
	Date-Added = {2012-10-18 07:29:33 +0000},
	Date-Modified = {2012-10-18 07:29:33 +0000},
	Pages = {324--332},
	Title = {Parallel {G}ibbs Sampling: From Colored Fields to Thin Junction Trees},
	Year = 2011}

@inproceedings{Recht11,
	Author = {B. Recht and C. Re and S.J. Wright and F. Niu},
	Bibsource = {DBLP, http://dblp.uni-trier.de},
	Booktitle = {Advances in Neural Information Processing Systems (NIPS) 24},
        address = {Granada},
	Title = {Hogwild: A Lock-Free Approach to Parallelizing Stochastic Gradient Descent},
	Year = {2011}}

@inproceedings{Ahmed12,
	Author = {Ahmed, A. and Aly, M. and Gonzalez, J. and Narayanamurthy, S. and Smola, A.J.},
	Booktitle = {Proc. of the 5th ACM International Conference on Web Search and Data Mining},
	Date-Added = {2012-10-18 07:29:33 +0000},
	Date-Modified = {2012-10-18 07:29:33 +0000},
	Location = {Seattle, Washington, USA},
	Title = {Scalable inference in latent variable models},
	Year = 2012}




@article{Valiant90,
	Author = {Valiant, Leslie G.},
	Date-Added = {2012-07-30 03:38:37 +0000},
	Date-Modified = {2012-10-18 07:31:23 +0000},
	Journal = {Communications of the ACM},
	Number = {8},
	Title = {A bridging model for parallel computation},
	Volume = {33},
        pages = {103--111},
	Year = {1990}}




@inproceedings{Doshi09,
	Author = {Doshi-Velez, F. and Knowles, D. and Mohamed, S. and Ghahramani, Z.},
	Booktitle = {Advances in Neural Information Processing Systems (NIPS) 22},
	Title = {Large Scale Nonparametric {B}ayesian Inference: {D}ata Parallelisation in the {I}ndian {B}uffet Process},
        address = {Vancouver},
	Year = {2009}}

@inproceedings{Newman07,
	Author = {Newman, D. and Asuncion, A. and Smyth, P. and Welling, M.},
	Booktitle = {Advances in Neural Information Processing Systems (NIPS) 20},
	Date-Added = {2012-10-18 07:29:33 +0000},
	Date-Modified = {2012-10-18 07:29:33 +0000},
        address = {Vancouver},
	Title = {Distributed Inference for {L}atent {D}irichlet {A}llocation},
	Year = {2007}}



@InProceedings{Meyerson01,
  author = 	 {A. Meyerson},
  title = 	 {Online Facility Location},
  booktitle = {Proc. of the 42nd Annual Symposium on Foundations of Computer Science (FOCS)},
  address = {Las Vegas},
  year = 	 2001}



@inproceedings{zaharia2010:spark,
  title={Spark: Cluster computing with working sets},
  author={Zaharia, Matei and Chowdhury, Mosharaf and Franklin, Michael J and Shenker, Scott and Stoica, Ion},
  booktitle={Proc. of the 2nd USENIX Conference on Hot Topics in Cloud Computing},
  year={2010}
}


@article{Vogels09,
 author = {Vogels, Werner},
 title = {Eventually consistent},
 journal = {Commun. ACM},
 issue_date = {January 2009},
 volume = {52},
 number = {1},
 month = jan,
 year = {2009},
 issn = {0001-0782},
 pages = {40--44},
 numpages = {5},
 acmid = {1435432},
 publisher = {ACM},
 address = {New York, NY, USA},
}

@article{Bailis13,
 author = {Bailis, Peter and Ghodsi, Ali},
 title = {Eventual Consistency Today: Limitations, Extensions, and Beyond},
 journal = {Queue},
 issue_date = {March 2013},
 volume = {11},
 number = {3},
 month = mar,
 year = {2013},
 issn = {1542-7730},
 pages = {20:20--20:32},
 articleno = {20},
 numpages = {13},

 acmid = {2462076},
 publisher = {ACM},
 address = {New York, NY, USA},
}

@incollection{Xu11,
   title = {Multicore {G}ibbs Sampling in Dense, Unstructured Graphs},
   author = {Tianbing Xu and Alexander Ihler},
   booktitle = {Proc. of the 14th International Conference on Artificial Intelligence and Statistics (AISTATS)},
   year =2011,
   OPTaddress = {Ft. Lauderdale}
}

@ARTICLE{Lovell13,
   author = {{Lovell}, D. and {Malmaud}, J. and {Adams}, R.~P. and {Mansinghka}, V.~K.
	},
    title = {Cluster{C}luster: {P}arallel {M}arkov Chain {M}onte {C}arlo for {D}irichlet Process Mixtures},
  journal = {ArXiv e-prints},
archivePrefix = "arXiv",
   eprint = {1304.2302},
 primaryClass = "stat.ML",
 keywords = {Statistics - Machine Learning, Computer Science - Distributed, Parallel, and Cluster Computing, Computer Science - Learning},
     year = 2013,
    month = apr,
   adsurl = {http://adsabs.harvard.edu/abs/2013arXiv1304.2302L},
  adsnote = {Provided by the SAO/NASA Astrophysics Data System}
}



@Article{meyerson03,
  author = 	 {A. Meyerson and N. Mishra and R. Motwani and L. O'Callaghan},
  title = 	 {Clustering data streams: Theory and practice},
  journal = 	 {IEEE Transactions on Knowledge and Data Engineering},
  year = 	 2003,
  volume = 	 15,
  number = 	 3,
  pages = 	 {515--528}}

@InProceedings{bahmani12,
  author = 	 {B. Bahmani and B. Moseley and A. Vattani and R. Kumar and S. Vassilvitskii},
  title = 	 {Scalable Kmeans++},
 booktitle = {Proc. of the 38th International Conference on Very Large Data Bases (VLDB)},
  year = 	 2012,
  address = 	 {Istanbul}
}

@InProceedings{ailon09,
  author = 	 {N. Ailon and R. Jaiswal and C. Monteleoni},
  title = 	 {Streaming K-means approximation},
  booktitle = {Advances in Neural Information Processing Systems (NIPS) 22},
  address = {Vancouver},
  year = 	 2009}

@InProceedings{shindler11,
  author = 	 {M. Shindler and A. Wong and A. Meyerson},
  title = 	 {Fast and accurate $K$-means for large Datasets},
  booktitle = {Advances in Neural Information Processing Systems (NIPS) 24},
  address = {Granada},
  year = 	 2011}



@inproceedings{badoiu02,
 author = {B\v{a}doiu, Mihai and Har-Peled, Sariel and Indyk, Piotr},
 title = {Approximate Clustering via Core-sets},
 booktitle = {Proc. of the 34th Annual ACM Symposium on Theory of Computing (STOC)},
 year = {2002},
 OPTisbn = {1-58113-495-9},
 location = {Montreal},
 OPTpages = {250--257},
 OPTnumpages = {8},
 OPTurl = {http://doi.acm.org/10.1145/509907.509947},
 OPTdoi = {10.1145/509907.509947},
 OPTacmid = {509947},
 OPTpublisher = {ACM},
 OPTaddress = {New York, NY, USA},
}


@InProceedings{charikar03,
  author = 	 {Moses Charikar and Liadan O'Callaghan and Rina Panigrahy},
  title = 	 {Better streaming algorithms for clustering problems},
 booktitle = {Proc. of the 35th Annual ACM Symposium on Theory of Computing (STOC)},
  OPTaddress = {San Diego},
  year = 	 2003}



@InProceedings{braver11,
  author = 	 {V. Braverman and A. Meyerson and R. Ostrovsky and A. Roytman and M. Shindler and B. Tagiku},
  title = 	 {Streaming k-means on well-clusterable data},
  booktitle = {SODA},
  year = 	 2011}

@InProceedings{dhillon00,
  author = 	 {I. Dhillon and D.S. Modha},
  title = 	 {A data-clustering algorithm on distributed memory multiprocessors},
  booktitle = {Workshop on Large-Scale Parallel KDD Systems},
  year = 	 2000}

@InProceedings{das07,
  author = 	 {A. Das and M. Datar and A. Garg and S. Ragarajam},
  title = 	 {Google news personalization: Scalable online collaborative filtering},
  booktitle = {Proc. of the 16th World Wide Web Conference},
  address = {Banff},
  year = 	 2007}

@InProceedings{ene11,
  author = 	 {A. Ene and S. Im and B. Moseley},
  title = 	 {Fast clustering using {M}ap{R}educe},
  booktitle = {Proc. of the 17th ACM SIGKDD Conference on Knowledge Discovery and Data Mining},
  address = {San Diego},
  year = 	 2011}

@InProceedings{feldman11,
  author = 	 {D. Feldman and A. Krause and M. Faulkner},
  title = 	 {Scalable Training of Mixture Models via Coresets},
  booktitle = {Advances in Neural Information Processing Systems (NIPS) 24},
  address = {Granada},
  year = 	 2011}






@inproceedings{buchbinder2012,
 author = {Buchbinder, N. and Feldman, M. and Naor, J. and Schwartz, R.},
 title = {A Tight Linear Time (1/2)-Approximation for Unconstrained Submodular Maximization},
 booktitle = {Proc. of the 2012 IEEE 53rd Annual Symposium on Foundations of Computer Science},
 address = {Washington, DC, USA},
 year = 2012
}





@electronic{snap,
  added-at = {2011-08-11T10:00:02.000+0200},
  author = {Leskovec, J.},
  biburl = {http://www.bibsonomy.org/bibtex/23dc8aacb6bc6ee66b77e4bb0b11b5371/maxirichter},
  institution = {Stanford University},
  interhash = {5da28fa7e0b53f0b00e4d9909ee9de90},
  intrahash = {3dc8aacb6bc6ee66b77e4bb0b11b5371},
  keywords = {graph network_analysis snap},
  timestamp = {2011-08-11T10:00:02.000+0200},
  title = {Stanford Network Analysis Project},
  url = {http://snap.stanford.edu/},
  year = 2011
}


@inproceedings{BoVWFI,
  author ="P. Boldi and S. Vigna",
  title = "The {W}eb{G}raph Framework {I}: {C}ompression Techniques",
  year = 2004,
  booktitle="Proc. of the Thirteenth International World Wide Web Conference (WWW 2004)",
  address="Manhattan, USA",
  %pages="595--601",
  publisher="ACM Press"
}

@inproceedings{BRSLLP,
  author = "P. Boldi and M. Rosa and M. Santini and S. Vigna",
  title = "Layered Label Propagation: A MultiResolution Coordinate-Free Ordering for Compressing Social Networks",
  booktitle="Proc. of the 20th international conference on World Wide Web",
  year = 2011,
  publisher="ACM Press"
}
If the graphs you are using were gathered by UbiCrawler, please acknowledge the usage of UbiCrawler by quoting the following paper:

@article{BCSU3,
  author="P. Boldi and B. Codenotti and M. Santini and S. Vigna",
  title="UbiCrawler: A Scalable Fully Distributed Web Crawler",
  journal="Software: Practice \& Experience",
  year=2004,
  volume=34,
  number=8,
  pages="711--726"
}










@incollection{pan2013,
title = {Optimistic Concurrency Control for Distributed Unsupervised Learning},
author = {Pan, X. and Gonzalez, J.E. and Jegelka, S. and Broderick, T. and Jordan, M.I.},
booktitle = {Advances in Neural Information Processing Systems 26},
year = {2013},
}

@incollection{ho2013,
title = {More Effective Distributed ML via a Stale Synchronous Parallel Parameter Server},
author = {Ho, Q. and Cipar, J. and Cui, H. and Lee, S. and Kim, J.K. and Gibbons, P.B. and Gibson, G.A. and Ganger, G. and Xing, E.},
booktitle = {Advances in Neural Information Processing Systems 26},
year = {2013},
}

@inproceedings{li2013,
     author = {Li, Mu and Zhou, Li and Yang, Zichao and Li, Aaron and Xia, Fei and Andersen, David G and Smola, Alexander},
      title = {Parameter Server for Distributed Machine Learning},
  booktitle = {Big Learn workshop, at NIPS},
address = {Lake Tahoe},
       year = {2013}
}


@incollection{Mirzasoleiman2013,
title = {Distributed Submodular Maximization: Identifying Representative Elements in Massive Data},
author = {Mirzasoleiman, B. and Karbasi, A. and Sarkar, R. and Krause, A.},
booktitle = {Advances in Neural Information Processing Systems 26},
year = {2013},
}



@Misc{tutorial,
  author = 	 {A. Krause and S. Jegelka},
  title = 	 {Submodularity in Machine Learning -- New Directions},
  howpublished = {ICML Tutorial},
  year = 	 2013}

@Misc{tutorial2,
  author = 	 {J. Bilmes},
  title = 	 {Deep Mathematical Properties of Submodularity with Applications to Machine Learning},
  howpublished = {NIPS Tutorial},
  year = 	 2013}



@Article{krauseGuestrin11,
  author = 	 {A. Krause and C. Guestrin},
  title = 	 {Submodularity and its Applications in Optimized Information Gathering: An Introduction},
  journal = 	 {ACM Transactions on Intelligent Systems and Technology},
  year = 	 2011,
  volume = 	 2,
  number = 	 4}

@InProceedings{kim11,
  author = 	 {G. Kim and E. P. Xing and F. Li and T. Kanade},
  title = 	 {Distributed Cosegmentation via Submodular Optimization on Anisotropic Diffusion},
  booktitle = {ICCV},
  year = 	 2011}


@Article{shapley71,
  author = 	 {L. S. Shapley},
  title = 	 {Cores of Convex Games},
  journal = 	 {International Journal of Game Theory},
  year = 	 1971,
  volume =	 1,
  number =	 1,
  pages =	 {11--26}
}

@Article{frank93,
  author = 	 {A. Frank},
  title = 	 {Submodular functions in graph theory},
  journal = 	 {Discrete Mathematics},
  year = 	 1993,
  volume = 	 111,
  pages = 	 {231--243}}

@Book{schrijver02,
  author = 	 {A. Schrijver},
  title = 	 {Combinatorial Optimization -- Polyhedra and efficiency},
  publisher = 	 {Springer},
  year = 	 2002}



@InProceedings{gillenwater12,
  author = 	 {J. Gillenwater and A. Kulesza, and B. Taskar},
  title = 	 {Near-optimal {MAP} inference for determinantal point processes},
  booktitle = {NIPS},
  year = 	 2012}



@InProceedings{kkt03,
  author = 	 {D. Kempe and J. Kleinberg and E. Tardos},
  title = 	 {Maximizing the spread of influence through a social network},
  booktitle = kdd,
  year = 	 2003}

@InProceedings{lin11,
  author = 	 {H. Lin and J. Bilmes},
  title = 	 { A Class of Submodular Functions for Document Summarization},
  booktitle = {The 49th Annual Meeting of the Association for Computational Linguistics: Human Language Technologies (ACL/HLT)},
  year = 	 2011}



@article{nemhauser1978,
	Author = {Nemhauser, G.L. and Wolsey, L.A. and Fisher, M.L.},
	Journal = {Mathematical Programming},
	Number = {1},
	Pages = {265--294},
	Title = {An analysis of approximations for maximizing submodular set functions---{I}},
	Volume = {14},
	Year = {1978}}


@InProceedings{kumar13,
  author = 	 {R. Kumar and B. Moseley and S. Vassilvitskii and A. Vattani},
  title = 	 {Fast greedy algorithms in {M}ap{R}educe and streaming},
  booktitle = {SPAA},
  year = 	 2013}




@InProceedings{wei14,
  author = 	 {K. Wei and R. Iyer and J. Bilmes},
  title = 	 {Fast Multi-stage submodular maximization},
  booktitle = {ICML},
  year = 	 2014}

@InProceedings{badan14,
  author = 	 {A. Badanidiyuru and J. Vondr\'ak},
  title = 	 {Fast algorithms for maximizing submodular functions},
  booktitle = {SODA},
  year = 	 2014}

@InProceedings{reed13,
  author = 	 {C. Reed and Z. Ghahramani},
  title = 	 {Scaling the Indian Buffet Process via Submodular Maximization},
  booktitle = {ICML},
  year = 	 2013}


@Article{krause10priv,
  author = 	 {A. Krause and E. Horvitz},
  title = 	 {A Utility-Theoretic Approach to Privacy in Online Services},
  journal = 	 {Journal of Artificial Intelligence Research},
  year = 	 2010,
  volume = 	 39,
  pages = 	 {633--622}}

